<?xml version="1.0" encoding="UTF-8"?><collection xmlns="http://www.loc.gov/MARC21/slim"><record><leader>00335nam--2200133-i-4500</leader><controlfield tag="001">000048432</controlfield><controlfield tag="002">20161230</controlfield><controlfield tag="005">20161230201047</controlfield><controlfield tag="008">060222s1000------------r-----000-0-eng-d</controlfield><datafield ind1=" " ind2=" " tag="080"><subfield code="a">669.017</subfield></datafield><datafield ind1=" " ind2=" " tag="100"><subfield code="a">Abdeev,B.A</subfield></datafield><datafield ind1=" " ind2=" " tag="245"><subfield code="a">Tehnika opredelenia mehanicheskih svoistv metaallov</subfield></datafield><datafield ind1=" " ind2=" " tag="260"><subfield code="a">Moskba, Mashgiz, 1952. 410 P</subfield></datafield><datafield ind1=" " ind2=" " tag="852"><subfield code="a">26291</subfield></datafield></record></collection>